@inproceedings{dalrymple-mycock:prosody,
  title           = {The prosody-semantics interface},
  author          = {Mary Dalrymple and Louise Mycock},
  year            = 2011,
  booktitle       = {{Proceedings of the LFG'11 Conference}},
  editor          = {Miriam Butt and Tracy Holloway King},
  publisher       = {CSLI Publications},
  address         = {Stanford, CA},
  pages           = {173--193},
  url             = {https://typo.uni-konstanz.de/lfg-proceedings/LFGprocCSLI/LFG2011/papers/lfg11dalrymplemycock.pdf},
}

@inproceedings{Dalrymple2015,
  author          = {Mary Dalrymple},
  year            = 2015,
  title           = {Morphology in the {LFG} Architecture},
  editor          = {Miriam Butt and Tracy Holloway King},
  booktitle       = {{Proceedings of the LFG'15 Conference}},
  address         = {Stanford, CA},
  pages           = {64--83},
  publisher       = {CSLI Publications},
  url             = {https://typo.uni-konstanz.de/lfg-proceedings/LFGprocCSLI/LFG2015/papers/lfg15dalrymple.pdf},
}

@book{lfg-handbook,
  editor          = {Mary Dalrymple},
  title           = {Handbook of {Lexical Functional Grammar}},
  year            = 2023,
  publisher       = {Language Science Press},
  series          = {Empirically Oriented Theoretical Morphology and Syntax},
  number          = 13,
  address         = {Berlin},
  url             = {https://langsci-press.org/catalog/book/312},
  doi             = {10.5281/zenodo.10037797},
}
